<?xml version="1.0" encoding="UTF-8"?><record xmlns="http://www.loc.gov/MARC21/slim" xmlns:cinclude="http://apache.org/cocoon/include/1.0" xmlns:zs="http://www.loc.gov/zing/srw/">
  <leader>00699cz  a2200181n  4500</leader>
  <controlfield tag="001">nr 94012042 </controlfield>
  <controlfield tag="003">DLC</controlfield>
  <controlfield tag="005">20080918103717.0</controlfield>
  <controlfield tag="008">940412n| acannaabn          |b ana      </controlfield>
  <datafield tag="010" ind1=" " ind2=" ">
    <subfield code="a">nr 94012042 </subfield>
  </datafield>
  <datafield tag="035" ind1=" " ind2=" ">
    <subfield code="a">(OCoLC)oca03585238</subfield>
  </datafield>
  <datafield tag="040" ind1=" " ind2=" ">
    <subfield code="a">DLC-R</subfield>
    <subfield code="b">eng</subfield>
    <subfield code="c">DLC-R</subfield>
    <subfield code="d">OCoLC</subfield>
  </datafield>
  <datafield tag="110" ind1="2" ind2=" ">
    <subfield code="a">Zen Nihon Jichi Dantai Rōdō Kumiai.</subfield>
    <subfield code="b">Nagano-ken Honbu</subfield>
  </datafield>
  <datafield tag="410" ind1="2" ind2=" ">
    <subfield code="a">Jichirō Nagano-ken Honbu</subfield>
  </datafield>
  <datafield tag="410" ind1="2" ind2=" ">
    <subfield code="a">全日本自治団体労働組合.</subfield>
    <subfield code="b">長野県本部</subfield>
  </datafield>
  <datafield tag="667" ind1=" " ind2=" ">
    <subfield code="a">Machine-derived non-Latin script reference project.</subfield>
  </datafield>
  <datafield tag="667" ind1=" " ind2=" ">
    <subfield code="a">Non-Latin script reference not evaluated.</subfield>
  </datafield>
  <datafield tag="670" ind1=" " ind2=" ">
    <subfield code="a">Jichirō Nagano-ken Honbu 45-nenshi, 1993:</subfield>
    <subfield code="b">v. 1, colophon (Zen Nihon Jichi Dantai Rōdō Kumiai Nagano-ken Honbu)</subfield>
  </datafield>
</record>